<record xmlns="http://www.loc.gov/MARC21/slim" xmlns:xsi="http://www.w3.org/2001/XMLSchema-instance" xsi:schemaLocation="http://www.loc.gov/MARC21/slim http://www.loc.gov/standards/marcxml/schema/MARC21slim.xsd"><leader>01234nam a2200301   4500</leader><controlfield tag="001">001856006</controlfield><controlfield tag="003">NNU</controlfield><controlfield tag="006">m        d        </controlfield><controlfield tag="007">cr cn |||m|||a</controlfield><controlfield tag="008">140707s1969    iq      ob    000 0 arar</controlfield><datafield ind1=" " ind2=" " tag="040"><subfield code="a">NNU</subfield><subfield code="b">eng</subfield><subfield code="c">NNU</subfield></datafield><datafield ind1=" " ind2="0" tag="050"><subfield code="a">PJ7808.A36</subfield><subfield code="b">A6 1969</subfield></datafield><datafield ind1="0" ind2=" " tag="100"><subfield code="a">Ab&#363; al-Hind&#299;,</subfield><subfield code="d">8th cent.</subfield></datafield><datafield ind1="1" ind2="0" tag="245"><subfield code="a">D&#299;w&#257;n Ab&#299; al-Hind&#299; wa-akhb&#257;ruh</subfield><subfield code="h">[electronic resource].</subfield><subfield code="c">&#7778;an&#699;at &#699;Abd All&#257;h al-Jub&#363;r&#299;.</subfield></datafield><datafield ind1=" " ind2=" " tag="250"><subfield code="a">[al-&#7788;ab&#699;ah 1.]</subfield></datafield><datafield ind1=" " ind2=" " tag="260"><subfield code="a">al-Najaf,</subfield><subfield code="b">Ma&#7789;ba&#699;at al-Nu&#699;m&#257;n,</subfield><subfield code="c">1969.</subfield></datafield><datafield ind1=" " ind2=" " tag="300"><subfield code="a">online resource (79 p.)</subfield></datafield><datafield ind1="1" ind2=" " tag="490"><subfield code="a">Daw&#257;w&#299;n &#7779;agh&#299;rah ;</subfield><subfield code="v">3</subfield></datafield><datafield ind1=" " ind2=" " tag="500"><subfield code="a">Part of the Arabic Collections Online (ACO) project, contributed by New York Univeristy Libraries.</subfield></datafield><datafield ind1=" " ind2=" " tag="504"><subfield code="a">Bibliography: p. 69-75.</subfield></datafield><datafield ind1=" " ind2=" " tag="533"><subfield code="a">Electronic reproduction.</subfield><subfield code="b">New York, N.Y. :</subfield><subfield code="c">New York University,</subfield><subfield code="d">2014.</subfield><subfield code="5">NNU</subfield></datafield><datafield ind1="1" ind2=" " tag="700"><subfield code="a">Jub&#363;r&#299;, &#699;Abd All&#257;h.</subfield></datafield><datafield ind1="2" ind2=" " tag="710"><subfield code="a">New York University.</subfield><subfield code="b">Libraries.</subfield></datafield><datafield ind1="0" ind2=" " tag="730"><subfield code="a">Arabic Collections Online.</subfield></datafield><datafield ind1="0" ind2="8" tag="776"><subfield code="i">Print version:</subfield><subfield code="a">Ab&#363; al-Hind&#299;, 8th cent.</subfield><subfield code="t">D&#299;w&#257;n Ab&#299; al-Hind&#299; wa-akhb&#257;ruh</subfield><subfield code="w">(NNU)001856006</subfield><subfield code="w">(DLC)72255815</subfield></datafield><datafield ind1=" " ind2="0" tag="830"><subfield code="a">Daw&#257;w&#299;n &#7779;agh&#299;rah ;</subfield><subfield code="v">3.</subfield></datafield><datafield ind1="4" ind2="0" tag="856"><subfield code="u">http://hdl.handle.net/2333.1/j6q575f6</subfield></datafield><datafield ind1=" " ind2=" " tag="959"><subfield code="a">NNU</subfield><subfield code="b">WEB</subfield><subfield code="c">GENI</subfield><subfield code="t">0</subfield><subfield code="m">Electronic access</subfield><subfield code="s">01</subfield></datafield></record>